% Encoding: UTF-8

@misc{ONS2013,
annote = {NULL},
author = {ONS},
title = {{2011 Census, Quick Statistics for Wales on National Identity, Passports Held and Country of Birth}},
year = {2013}
}

@misc{UNEP2016,
annote = {NULL},
author = {UNEP},
title = {{Global trends in renewable energy}},
urldate = {2017-01-20},
year = {2016}
}

@book{EuropeanWindEnergyAssociation2012,
author = {{European Wind Energy Association}},
isbn = {1136548599},
pages = {488},
publisher = {Routledge},
title = {{Wind Energy - The Facts: A Guide to the Technology, Economics and Future of Wind Power}},
year = {2012}
}

@article{Populus2005,
author = {Populus},
pages = {1--23},
title = {{Energy Balance of Power Poll Fieldwork : July 1st-6th 2005}},
year = {2005}
}

@article{VanderHorst2010,
author = {van der Horst, Dan and Toke, David},
doi = {10.1016/j.landusepol.2009.05.006},
isbn = {0264-8377},
issn = {02648377},
journal = {Land Use Policy},
keywords = {Democratic deficit,Environmental equity,Planning process,Social capital,Wind farms},
number = {2},
pages = {214--221},
title = {{Exploring the landscape of wind farm developments; local area characteristics and planning process outcomes in rural England}},
volume = {27},
year = {2010}
}

@article{Smith2016,
author = {Smith, Louise},
journal = {House of Commons Briefing Paper},
number = {04370},
title = {{Planning for onshore wind farms}},
url = {http://www.parliament.uk/briefing-papers/sn04370.pdf},
year = {2016}
}

@article{Gass2013,
author = {Gass, Viktoria and Schmidt, Johannes and Strauss, Franziska and Schmid, Erwin},
doi = {10.1016/j.enpol.2012.10.079},
issn = {03014215},
journal = {Energy Policy},
keywords = {GIS,Levelized cost of electricity,Wind power potential},
number = {2013},
pages = {323--330},
publisher = {Elsevier},
title = {{Assessing the economic wind power potential in Austria}},
url = {http://dx.doi.org/10.1016/j.enpol.2012.10.079},
volume = {53},
year = {2013}
}

@article{VanHaaren2011,
author = {{Van Haaren}, Rob and Fthenakis, Vasilis},
doi = {10.1016/j.rser.2011.04.010},
isbn = {1364-0321},
issn = {13640321},
journal = {Renewable and Sustainable Energy Reviews},
keywords = {Ecologic evaluation,Economic evaluation,GIS,Multi-criteria analysis,Net present value,Planning,Site selection,Spatial,Wind energy,Wind farm},
number = {7},
pages = {3332--3340},
publisher = {Elsevier Ltd},
title = {{GIS-based wind farm site selection using spatial multi-criteria analysis (SMCA): Evaluating the case for New York State}},
url = {http://dx.doi.org/10.1016/j.rser.2011.04.010},
volume = {15},
year = {2011}
}

@book{Menard1995,
author = {Menard, Scott W.},
isbn = {0803957572},
pages = {98},
publisher = {Sage Publications},
title = {{Applied logistic regression analysis}},
year = {1995}
}

@book{Harrell2001,
author = {Harrell, Frank E},
booktitle = {Springer Series in Statistics},
doi = {10.1007/978-1-4757-3462-1},
isbn = {978-0-387-95232-1},
keywords = {modeling modelling modelisation linear regression},
pages = {XXIII + 568},
pmid = {45820971},
title = {{Regression modeling strategies. With applications to linear models, logistic regression, and survival analysis}},
year = {2001}
}

@article{Yue2006,
author = {Yue, Cheng D. and Wang, Shi Sian},
doi = {10.1016/j.enpol.2004.07.003},
isbn = {0301-4215},
issn = {03014215},
journal = {Energy Policy},
keywords = {Geographic Information System,Potential evaluation,Renewable energy},
number = {6},
pages = {730--742},
title = {{GIS-based evaluation of multifarious local renewable energy sources: A case study of the Chigu area of southwestern Taiwan}},
volume = {34},
year = {2006}
}

@article{Lee2009,
author = {Lee, Amy H I and Chen, Hsing Hung and Kang, He Yau},
doi = {10.1016/j.renene.2008.04.013},
isbn = {09601481},
issn = {09601481},
journal = {Renewable Energy},
keywords = {Analytic hierarchy process (AHP),Benefits, opportunities, costs and risks (BOCR),Wind farms},
number = {1},
pages = {120--126},
title = {{Multi-criteria decision making on strategic selection of wind farms}},
volume = {34},
year = {2009}
}

@article{Jones2011,
author = {Jones, Christopher R. and Orr, Barry J. and Eiser, J. Richard},
doi = {10.1016/j.enpol.2011.04.044},
isbn = {0301-4215},
issn = {03014215},
journal = {Energy Policy},
keywords = {Attitudes,Cumulative effects,Wind farm},
number = {8},
pages = {4563--4577},
publisher = {Elsevier},
title = {{When is enough, enough? Identifying predictors of capacity estimates for onshore wind-power development in a region of the UK}},
url = {http://dx.doi.org/10.1016/j.enpol.2011.04.044},
volume = {39},
year = {2011}
}

@misc{Overpass2016,
author = {OSM},
title = {{Overpass API}},
url = {https://overpass-turbo.eu/},
year = {2016}
}

@misc{HMGovernment2014,
author = {{HM Government}},
title = {{Planning Portal Northern Ireland}},
urldate = {2016-04-05},
year = {2014}
}

@misc{Flights2013,
author = {Flights, Open},
title = {{Worldwide Airport Locations}},
url = {http://openflights.org/data.html},
urldate = {2016-06-05},
year = {2013}
}

@article{Malczewski2004,
author = {Malczewski, Jacek},
doi = {10.1016/j.progress.2003.09.002},
isbn = {0305-9006},
issn = {03059006},
journal = {Progress in Planning},
number = {1},
pages = {3--65},
title = {{GIS-based land-use suitability analysis: A critical overview}},
volume = {62},
year = {2004}
}

@article{Hansen2005,
author = {Hansen, H. S.},
journal = {Proceedings of the 10th Scandinavian Research Confrence on Geographical Information Scient},
pages = {75--87},
title = {{GIS-based Multi-Criteria Analysis of Wind Farm Development}},
year = {2005}
}

@article{Watson2015,
author = {Watson, Joss J W and Hudson, Malcolm D.},
doi = {10.1016/j.landurbplan.2015.02.001},
issn = {01692046},
journal = {Landscape and Urban Planning},
keywords = {Analytical hierarchy process (AHP),Multi-criteria decision making (MCDM),Renewable energy,Suitability study,United Kingdom (UK)},
pages = {20--31},
publisher = {Elsevier B.V.},
title = {{Regional Scale wind farm and solar farm suitability assessment using GIS-assisted multi-criteria evaluation}},
url = {http://dx.doi.org/10.1016/j.landurbplan.2015.02.001},
volume = {138},
year = {2015}
}

@article{Wang2014,
author = {Wang, Qianna and M'Ikiugu, Martin Mwirigi and Kinoshita, Isami},
doi = {10.3390/su6042087},
issn = {20711050},
journal = {Sustainability (Switzerland)},
keywords = {Fukushima prefecture,GIS,Renewable energy,Spatial planning,Sustainability},
number = {4},
pages = {2087--2117},
title = {{A GIS-based approach in support of spatial planning for renewable energy: A case study of Fukushima, Japan}},
volume = {6},
year = {2014}
}

@article{Noorollahi2015,
author = {Noorollahi, Younes and Yousefi, Hossein and Mohammadi, Mohammad},
doi = {10.1016/j.seta.2015.11.007},
issn = {22131388},
journal = {Sustainable Energy Technologies and Assessments},
keywords = {GIS,Iran,Multi criteria,Site selection,Wind energy,Wind farm},
pages = {38--50},
publisher = {Elsevier Ltd},
title = {{Multi-criteria decision support system for wind farm site selection using GIS}},
url = {http://dx.doi.org/10.1016/j.seta.2015.11.007},
volume = {13},
year = {2015}
}

@article{Toke2005,
author = {Toke, Dave},
doi = {10.1016/j.enpol.2004.01.009},
isbn = {4412141586},
issn = {03014215},
journal = {Energy Policy},
keywords = {Economic image,Parishes},
number = {12},
pages = {1527--1539},
title = {{Explaining wind power planning outcomes: Some findings from a study in England and Wales}},
volume = {33},
year = {2005}
}

@article{Atici2015,
author = {Atici, Kazim Baris and Simsek, Ahmet Bahadir and Ulucan, Aydin and Tosun, Mustafa Umur},
doi = {10.1016/j.jup.2015.06.001},
issn = {09571787},
journal = {Utilities Policy},
keywords = {Geographic Information System,Multiple Criteria Decision Analysis,Renewable energy},
pages = {86--96},
publisher = {Elsevier Ltd},
title = {{A GIS-based Multiple Criteria Decision Analysis approach for wind power plant site selection}},
url = {http://dx.doi.org/10.1016/j.jup.2015.06.001},
volume = {37},
year = {2015}
}

@misc{Survey2016,
author = {{Ordnance Survey}},
title = {{OS Strategi}},
url = {https://data.gov.uk/dataset/strategi},
year = {2016}
}

@misc{OfficeforNationalStatistics,
annote = {NULL},
author = {{Office for National Statistics}},
title = {{2011 Census data}},
url = {https://www.ons.gov.uk/census/2011census/2011censusdata},
urldate = {2016-10-20},
year = {2016}
}

@misc{SNH2015,
author = {SNH},
title = {{Sites of Specific Scientific Interest, Scotland}},
url = {https://gateway.snh.gov.uk/natural-spaces/index.jsp},
year = {2015}
}

@misc{DECC2018,
author = {DECC},
title = {{Renewable Energy Planning Database}},
url = {https://www.gov.uk/government/collections/renewable-energy-planning-data},
urldate = {2018-04-25},
year = {2018}
}

@article{Haggett2006,
author = {Haggett, Claire and Toke, David},
doi = {10.1111/j.0033-3298.2006.00495.x},
issn = {00333298},
journal = {Public Administration},
number = {1},
pages = {103--120},
title = {{Crossing the great divide-using multi-method analysis to understand opposition to windfarms}},
volume = {84},
year = {2006}
}

@article{VanRensburg20,
author = {van Rensburg, Thomas M. and Kelley, Hugh and Jeserich, Nadine},
doi = {10.1016/j.ecolecon.2014.12.012},
issn = {09218009},
journal = {Ecological Economics},
keywords = {Planning-approval,Revealed-preference,Wind-energy},
pages = {12--22},
publisher = {Elsevier B.V.},
title = {{What influences the probability of wind farm planning approval: Evidence from Ireland}},
url = {http://dx.doi.org/10.1016/j.ecolecon.2014.12.012},
volume = {111},
year = {2015}
}

@article{VanderHorst2007,
author = {van der Horst, Dan},
doi = {10.1016/j.enpol.2006.12.012},
isbn = {0301-4215},
issn = {03014215},
journal = {Energy Policy},
keywords = {Proximity,Public opinion,Renewables},
number = {5},
pages = {2705--2714},
title = {{NIMBY or not? Exploring the relevance of location and the politics of voiced opinions in renewable energy siting controversies}},
volume = {35},
year = {2007}
}

@article{Toke2008,
author = {Toke, David and Breukers, Sylvia and Wolsink, Maarten},
doi = {10.1016/j.rser.2006.10.021},
isbn = {1364-0321},
issn = {13640321},
journal = {Renewable and Sustainable Energy Reviews},
keywords = {Financial support,Landscape,Local ownership,Planning,Resource},
number = {4},
pages = {1129--1147},
title = {{Wind power deployment outcomes: How can we account for the differences?}},
volume = {12},
year = {2008}
}

@article{Warren2010,
author = {Warren, Charles R. and McFadyen, Malcolm},
doi = {10.1016/j.landusepol.2008.12.010},
isbn = {0264-8377},
issn = {02648377},
journal = {Land Use Policy},
keywords = {Attitudes,Community ownership,Gigha,Scotland,Windfarms},
number = {2},
pages = {204--213},
title = {{Does community ownership affect public attitudes to wind energy? A case study from south-west Scotland}},
volume = {27},
year = {2010}
}

@article{Jones2010,
author = {Jones, Christopher R. and {Richard Eiser}, J.},
doi = {10.1016/j.enpol.2010.01.051},
isbn = {0301-4215},
issn = {03014215},
journal = {Energy Policy},
keywords = {Attitudes,NIMBY,Wind farm},
number = {6},
pages = {3106--3117},
publisher = {Elsevier},
title = {{Understanding 'local' opposition to wind development in the UK: How big is a backyard?}},
url = {http://dx.doi.org/10.1016/j.enpol.2010.01.051},
volume = {38},
year = {2010}
}

@article{Wustenhagen2007,
author = {Wustenhagen, Rolf and Wolsink, Maarten and Burer, Mary Jean},
doi = {10.1016/j.enpol.2006.12.001},
isbn = {03014215, 18736777},
issn = {03014215},
journal = {Energy Policy},
keywords = {Diffusion of innovation,Social acceptance,Wind energy},
number = {5},
pages = {2683--2691},
pmid = {17329441},
title = {{Social acceptance of renewable energy innovation: An introduction to the concept}},
volume = {35},
year = {2007}
}

@article{Sliz-Szkliniarz2011,
author = {Sliz-Szkliniarz, Beata and Vogt, Joachim},
isbn = {1364-0321},
issn = {13640321},
journal = {Renewable and Sustainable Energy Reviews},
keywords = {Economic potential,GIS,Kujawsko-Pomorskie,Spatial planning,Technical potential,Wind energy,Wind power plants},
number = {3},
pages = {1696--1707},
publisher = {Elsevier Ltd},
volume = {15},
year = {2011}
}

@article{Aydin2010,
author = {Aydin, Nazli Yonca and Kentel, Elcin and Duzgun, Sebnem},
doi = {10.1016/j.rser.2009.07.023},
isbn = {1364-0321},
issn = {13640321},
journal = {Renewable and Sustainable Energy Reviews},
keywords = {Decision support tool,Environmental impacts,GIS,Ordered weight average aggregator,Wind energy},
number = {1},
pages = {364--373},
title = {{GIS-based environmental assessment of wind energy systems for spatial planning: A case study from Western Turkey}},
volume = {14},
year = {2010}
}
@article{Janke2010,
author = {Janke, J. R.},
journal = {Renewable Energy},
keywords = {Colorado,GIS,Multicriteria,Solar and wind farms},
pages = {2228--2234},
title = {{Multicriteria GIS modeling of wind and solar farms in Colorado}},
volume = {35},
year = {2010}
}
@article{Wolsink2000,
annote = {NIMBYism and wind power},
author = {Wolsink, Maarten},
doi = {10.1016/S0960-1481(99)00130-5},
issn = {09601481},
journal = {Renewable Energy},
keywords = {Institutional arrangements,Institutions,NIMBY,Siting,Wind power},
month = {sep},
number = {1},
pages = {49--64},
title = {{Wind power and the NIMBY-myth: institutional capacity and the limited significance of public support}},
url = {http://www.sciencedirect.com/science/article/pii/S0960148199001305},
volume = {21},
year = {2000}
}
@article{Devine-Wright2005a,
author = {Devine-Wright, Patrick},
doi = {10.1002/we.124},
isbn = {1099-1824},
issn = {10954244},
journal = {Wind Energy},
keywords = {NIMBYism,Public perceptions,Wind farms,public acceptability},
number = {2},
pages = {125--139},
pmid = {1099},
title = {{Beyond NIMBYism: Towards an integrated framework for understanding public perceptions of wind energy}},
volume = {8},
year = {2005}
}
@article{Miller2014,
author = {Miller, Adam and Li, Ruopu},
doi = {10.3390/ijgi3030968},
issn = {2220-9964},
journal = {ISPRS International Journal of Geo-Information},
keywords = {GIS,Nebraska,multi-criteria,wind energy,wind farm},
number = {3},
pages = {968--979},
title = {{A Geospatial Approach for Prioritizing Wind Farm Development in Northeast Nebraska, USA}},
volume = {3},
year = {2014}
}

@article{Neufville2013,
author = {Neufville, Laurence},
keywords = {analytical hierarchy process,geo-visualisation,gis model,multi-criteria analysis},
number = {July},
pages = {1--29},
title = {{Wind farm Site Suitability Selection using Multi-Criteria Analysis (MCA) and Spatial Modelling}},
year = {2013}
}

@article{Resch2014,
author = {Resch, Bernd and Sagl, G{\"{u}}nther and T{\"{o}}rnros, Tobias and Bachmaier, Andreas and Eggers, Jan-Bleicke and Herkel, Sebastian and Narmsara, Sattaya and G{\"{u}}ndra, Hartmut},
doi = {10.3390/ijgi3020662},
issn = {2220-9964},
journal = {ISPRS International Journal of Geo-Information},
keywords = {GIS and renewable energy,GIS-based energy infrastructure planning,fluctuating renewables,future research challenges,integration of GIS and energy system models,operation optimization,structural planning of local energy systems},
number = {2},
pages = {662--692},
title = {{GIS-Based Planning and Modeling for Renewable Energy: Challenges and Future Research Avenues}},
url = {http://www.mdpi.com/2220-9964/3/2/662/htm},
volume = {3},
year = {2014}
}

@misc{DTI2001,
author = {DTI},
keywords = {annual,database,mean,wind speed,windspeed},
title = {{NOABL Windspeed Database}},
url = {https://goo.gl/6BALyv},
urldate = {2016-10-21},
year = {2001}
}

@article{Voivontas1998,
author = {Voivontas, D. and Assimacopoulos, D. and Mourelatos, a. and Corominas, J.},
doi = {10.1016/S0960-1481(98)00006-8},
isbn = {0960-1481},
issn = {09601481},
journal = {Renewable Energy},
number = {3},
pages = {333--344},
title = {{Evaluation of renewable energy potential using a GIS decision support system}},
volume = {13},
year = {1998}
}

@article{Baban2001,
author = {Baban, Serwan M J and Parry, Tim},
doi = {10.1016/S0960-1481(00)00169-5},
isbn = {0960-1481},
issn = {09601481},
journal = {Renewable Energy},
keywords = {GIS,Siting criteria,UK,Wind farms},
number = {1},
pages = {59--71},
title = {{Developing and applying a GIS-assisted approach to locating wind farms in the UK}},
volume = {24},
year = {2001}
}

@techreport{SQWEnergy2010,
author = {{SQW Energy}},
keywords = {assessment,methodolgy,www.gov.uk/government/uploads/system/uploads/attac},
mendeley-tags = {www.gov.uk/government/uploads/system/uploads/attac},
number = {January},
title = {{Renewable and Low-carbon Energy Capacity Methodology Methodology for the English Regions}},
year = {2010}
}
@book{Hosmer2004,
author = {Hosmer, David W and Lemeshow, Stanley},
booktitle = {Applied Logistic Regression},
doi = {10.1002/0471722146},
isbn = {0471356328},
issn = {02776715},
keywords = {covariate pattern,goodness-of-fit,m-symptotics},
pages = {392},
title = {{Applied Logistic Regression Second Edition}},
year = {2004}
}

@article{Cirucci2014,
author = {Cirucci, John},
number = {December},
title = {{Retrospective GIS-Based Multi-Criteria Decision Analysis}},
year = {2014}
}

@article{Brody2002,
  title={Using GIS and historical records to reconstruct residential exposure to large-scale pesticide application},
  author={Julia Green Brody and Donna J. Vorhees and Steven J. Melly and Susan R Swedis and Peter Drivas and Ruthann A. Rudel},
  journal={Journal of Exposure Analysis and Environmental Epidemiology},
  year={2002},
  volume={12},
  pages={64-80}
}

@article{Mohamed2004,
author = {Mohamed, Noha Saleh and Nofal, Laila Mohamed and Hassan, Mona Hassan Ahmed and Elkaffas, Saleh Mesbah},
issn = {0013-2446 (Print)},
journal = {The Journal of the Egyptian Public Health Association},
keywords = {Cause of Death,Child, Preschool,Egypt,Female,Geographic Information Systems,Humans,Infant,Infant, Newborn,Male,Mortality,Retrospective Studies,Urban Population,trends},
language = {eng},
number = {3-4},
pages = {243--262},
pmid = {16918149},
title = {{Geographic information systems (GIS) analysis of under five mortality in Alexandria.}},
volume = {79},
year = {2004}
}

@article{Garcia-Ayllon2013,
author = {Garcia-Ayllon, S.},
doi = {10.2495/SC130251},
isbn = {9781845647469},
issn = {17433541},
journal = {WIT Transactions on Ecology and the Environment},
keywords = {Coastal developmentalism,Land transformation,Mazarron coastline,Mediterranean planning,Soil consumption,Territorial policies,Tourism development},
number = {December 2013},
pages = {291--302},
title = {{Retrospective analysis of urban development in the Spanish Mediterranean coast}},
volume = {179 VOLUME},
year = {2013}
}

@article{USEPA2002,
author = {{US EPA}, OSWER Office of Resource Conservation and Recovery},
pages = {1--66},
title = {{Waste Transfer Stations: A Manual for Decision-Making}},
url = {papers3://publication/uuid/7CAEDFA2-1B14-4CFF-8B13-1E920D35AD80},
year = {2002}
}

@article{Cirucci2015,
author = {Cirucci, John F and Miller, Douglas A and Blanford, Justine I},
doi = {10.6084/m9.figshare.1512514},
journal = {Proceedings of the International Symposium on Sustainable Systems and Technologies},
title = {{Retrospective GIS-Based Multi-Criteria Decision Analysis: A Case Study of California Waste Transfer Station Siting Decisions}},
volume = {3},
year = {2015}
}

@article{Yamada2009,
author = {Yamada, Ikuho and Rogerson, Peter A. and Lee, Gyoungju},
isbn = {1435-5930},
issn = {14355930},
journal = {Journal of Geographical Systems},
keywords = {Cluster detection,GIS,Low birth weight,Prospective analysis,Spatial surveillance},
number = {2},
pages = {155--173},
title = {{GeoSurveillance: A GIS-based system for the detection and monitoring of spatial clusters}},
volume = {11},
year = {2009}
}

@article{Baseer2017,
author = {Baseer, M.a. and Rehman, S. and Meyer, J.P. and Alam, Md. M.},
doi = {10.1016/j.energy.2017.10.016},
issn = {03605442},
journal = {Energy},
mendeley-groups = {Wind GIS Modelling,GIS-MCDA Wind Studies},
publisher = {Elsevier B.V.},
title = {{GIS-based site suitability analysis for wind farm development in Saudi Arabia}},
url = {http://linkinghub.elsevier.com/retrieve/pii/S0360544217316857},
year = {2017}
}

@article{Langer2016,
author = {Langer, Katharina and Decker, Thomas and Roosen, Jutta and Menrad, Klaus},
doi = {10.1016/j.rser.2016.05.084},
issn = {18790690},
journal = {Renewable and Sustainable Energy Reviews},
keywords = {Acceptance,German energy transition,Wind energy},
mendeley-groups = {ECOS,SET},
pages = {248--259},
publisher = {Elsevier},
title = {{A qualitative analysis to understand the acceptance of wind energy in Bavaria}},
url = {http://dx.doi.org/10.1016/j.rser.2016.05.084},
volume = {64},
year = {2016}
}

@article{Eltham2008,
author = {Eltham, Douglas C. and Harrison, Gareth P. and Allen, Simon J.},
doi = {10.1016/j.enpol.2007.09.010},
issn = {03014215},
journal = {Energy Policy},
keywords = {Attitudes,Planning,Renewable energy},
mendeley-groups = {Wind Turbine Parameters},
month = {jan},
number = {1},
pages = {23--33},
title = {{Change in public attitudes towards a Cornish wind farm: Implications for planning}},
url = {http://www.sciencedirect.com/science/article/pii/S0301421507004090},
volume = {36},
year = {2008}
}

@article{Ladenburg2008,
author = {Ladenburg, Jacob},
doi = {10.1016/j.renene.2007.01.011},
isbn = {0960-1481},
issn = {09601481},
journal = {Renewable Energy},
number = {1},
pages = {111--118},
title = {{Attitudes towards on-land and offshore wind power development in Denmark; choice of development strategy}},
volume = {33},
year = {2008}
}


@article{Meyerhoff2010,
author = {Meyerhoff, Jurgen and Ohl, Cornelia and Hartje, Volkmar},
doi = {10.1016/j.enpol.2009.08.055},
isbn = {0301-4215},
issn = {03014215},
journal = {Energy Policy},
keywords = {Landscape externalities,Latent class model,Wind power},
mendeley-groups = {Wind Turbine Parameters},
number = {1},
pages = {82--92},
title = {{Landscape externalities from onshore wind power}},
volume = {38},
year = {2010}
}

@article{Fleming1979,
author = {Fleming, Michael D and Hoffer, Roger M},
journal = {LARS Technical Report 082879 Laboratory for Applications of Remote Sensing, Purdue University, West Lafayette, Indiana.},
pages = {377--390},
title = {{Machine Processing of Landsat MSS Data and DMA Topographic Data for Forest Cover Type Mapping}},
year = {1979}
}

@misc{HMGovernment2014,
author = {{HM Government}},
mendeley-groups = {ECOS},
title = {{Planning Portal Northern Ireland}},
url = {goo.gl/3fHMie},
urldate = {2016-04-05},
year = {2014}
}


@article{Fournis2017,
author = {Fournis, Yann and Fortin, Marie Jos{\'{e}}},
doi = {10.1080/09640568.2015.1133406},
issn = {13600559},
journal = {Journal of Environmental Planning and Management},
keywords = {renewable energy,social acceptability,social acceptance,sustainable development,territory},
number = {1},
pages = {1--21},
publisher = {Taylor {\&} Francis},
title = {{From social 'acceptance' to social 'acceptability' of wind energy projects: towards a territorial perspective}},
url = {http://dx.doi.org/10.1080/09640568.2015.1133406},
volume = {60},
year = {2017}
}

@misc{Commission2015,
author = {{European Commission}},
mendeley-groups = {Model Data},
title = {{Digital Elevation Model over Europe (EU-DEM)}},
url = {http://www.eea.europa.eu/data-and-maps/data/eu-dem},
urldate = {2016-11-20},
year = {2015}
}

@article{Dimitropoulos2009,
author = {Dimitropoulos, Alexandros and Kontoleon, Andreas},
doi = {10.1016/j.enpol.2009.01.002},
pages = {1842--1854},
title = {{Assessing the determinants of local acceptability of wind-farm investment : A choice experiment in the Greek Aegean Islands}},
volume = {37},
year = {2009}
}

@article{Jones2011,
isbn = {0301-4215},
issn = {03014215},
journal = {Energy Policy},
number = {8},
pages = {4563--4577},
publisher = {Elsevier},
title = {{When is enough, enough? Identifying predictors of capacity estimates for onshore wind-power development in a region of the UK}},
url = {http://dx.doi.org/10.1016/j.enpol.2011.04.044},
volume = {39},
year = {2011}
}

@article{Devine-Wright2005,
author = {Devine-Wright, Patrick},
doi = {10.1080/1354983042000309315},
isbn = {1354-9839},
issn = {1354-9839},
journal = {Local Environment},
mendeley-groups = {Wind GIS Modelling},
number = {1},
pages = {57--69},
title = {{Local aspects of UK renewable energy development: exploring public beliefs and policy implications}},
volume = {10},
year = {2005}
}

@article{Warren2005,
author = {Warren, Charles R. and Lumsden, Carolyn and O'Dowd, Simone and Birnie, Richard V.},
doi = {10.1080/09640560500294376},
isbn = {0964-0568},
issn = {0964-0568},
journal = {Journal of Environmental Planning and Management},
mendeley-groups = {Wind Turbine Parameters},
number = {July},
pages = {853--875},
title = {{'Green On Green': Public perceptions of wind power in Scotland and Ireland}},
volume = {48},
year = {2005}
}

@article{Krohn1999,
author = {Krohn, Soren and Damborg, Steffen},
doi = {10.1016/S0960-1481(98)00339-5},
isbn = {0960-1481},
issn = {09601481},
journal = {Renewable Energy},
keywords = {Wind power,opinion surveys,public attitude},
pages = {954--960},
title = {{On Public Attitudes Towards Wind Power}},
volume = {16},
year = {1999}
}

@article{Strachan2004,
author = {Strachan, Peter a. and Lal, David},
doi = {10.1080/0143116042000229311},
isbn = {00343404},
issn = {00343404},
journal = {Regional Studies},
keywords = {Renewable energy,UK environmental policy,Wind farms},
mendeley-groups = {Wind GIS Modelling},
number = {5},
pages = {551--571},
title = {{Wind energy policy, planning and management practice in the UK: Hot air or a gathering storm?}},
volume = {38},
year = {2004}
}

@article{Devine-Wright2007,
author = {Devine-Wright, Patrick},
title = {{Reconsidering public attitudes and public acceptance of renewable energy technologies : a critical review}},
volume = {Working Paper},
year = {2007}
}


@misc{RF2016,
author = {{Renewables First}},
title = {{Wind Turbine Planning Permission}},
url = {http://www.renewablesfirst.co.uk/windpower/wind-turbine-consenting/wind-turbine-planning-permission/},
urldate = {2017-09-02},
year = {2016}
}

@Article{Alvarez-Farizo2002,
  author          = {{\'{A}}lvarez-Farizo, Begoa and Hanley, Nick},
  title           = {{Using conjoint analysis to quantify public preferences over the environmental impacts of wind farms. An example from Spain}},
  journal         = {Energy Policy},
  year            = {2002},
  volume          = {30},
  number          = {2},
  pages           = {107--116},
  issn            = {03014215},
  doi             = {10.1016/S0301-4215(01)00063-5},
  isbn            = {0301-4215},
  keywords        = {Choice experiments,Conjoint analysis,Landscape valuation,Renewable energy},
  mendeley-groups = {ECOS},
}

@Article{Krueger2011,
  author   = {Krueger, Andrew D. and Parsons, George R. and Firestone, Jeremy},
  title    = {{Valuing the visual disamenity of offshore wind power projects at varying distances from the shore: An application on the Delaware shoreline}},
  journal  = {Land Economics},
  year     = {2011},
  volume   = {87},
  number   = {2},
  pages    = {268--283},
  issn     = {00237639},
  url      = {http://www.scopus.com/inward/record.url?eid=2-s2.0-79951908702{\&}partnerID=tZOtx3y1},
}

@Article{Groothuis2008,
  author          = {Groothuis, Peter A. and Groothuis, Jana D and Whitehead, John C},
  title           = {{Green vs. green: Measuring the compensation required to site electrical generation windmills in a viewshed}},
  journal         = {Energy Policy},
  year            = {2008},
  volume          = {36},
  number          = {4},
  pages           = {1545--1550},
  issn            = {03014215},
  doi             = {10.1016/j.enpol.2008.01.018},
  isbn            = {9788578110796},
  keywords        = {Contingent valuation,NIMBY,Wind power},
  mendeley-groups = {Wind Turbine Parameters,ECOS},
  pmid            = {31256538},
}


@article{Sonnberger2017,
author = {Sonnberger, Marco and Ruddat, Michael},
issn = {0160791X},
journal = {Technology in Society},
keywords = {Acceptance,Fairness,Perceived risks and benefits,Trust,Wind energy},
pages = {56--65},
publisher = {Elsevier Ltd},
title = {{Local and socio-political acceptance of wind farms in Germany}},
url = {http://dx.doi.org/10.1016/j.techsoc.2017.07.005},
volume = {51},
year = {2017}
}


@misc{OfficeforNationalStatistics,
annote = {NULL},
author = {{Office for National Statistics}},
mendeley-groups = {Model Data,ECOS,SET},
title = {{2011 Census data}},
url = {https://www.ons.gov.uk/census/2011census/2011censusdata},
urldate = {2016-10-20},
year = {2016}
}


@misc{Elections2016,
author = {{The Elections Centre}},
title = {{Council Composition by Year}},
url = {http://www.electionscentre.co.uk/?page{\_}id=3802.},
urldate = {2016-12-20},
year = {2016}
}

@misc{Pope2017,
author = {Pope, Addy.},
mendeley-groups = {Model Data},
title = {{UK National Parks}},
url = {http://dx.doi.org/10.7488/ds/1810},
year = {2017}
}

@book{Ward2008,
author = {Ward, Michael D.},
pages = {11},
title = {{Spatial Regression Models}},
year = {2008}
}

@techreport{Stoddart2012,
author = {Stoddart, Harley and Turley, David},
keywords = {https://www.gov.uk/government/uploads/system/uploa},
mendeley-groups = {SET},
mendeley-tags = {https://www.gov.uk/government/uploads/system/uploa},
number = {June},
title = {{Review of approaches adopted in regional renewable energy capacity assessments when following the Regional Renewable and Low Carbon Energy Capacity Methodology}},
year = {2012}
}

@techreport{Gove2013,
author = {Gove, B and Langston, Rhw and McCluskie, A and Pullan, Jd and Scrase, I},
booktitle = {Council of Europe},
mendeley-groups = {Wind Turbine Parameters},
number = {August},
pages = {89},
title = {{Wind farms and birds: an updated analysis of the effects of wind farms on bird, and best practice guidance on integrated planning and impact assessement}},
year = {2013}
}

@article{Stoltzfus2011,
author = {Stoltzfus, Jill C.},
doi = {10.1111/j.1553-2712.2011.01185.x},
isbn = {1553-2712; 1069-6563},
issn = {10696563},
journal = {Academic Emergency Medicine},
number = {10},
pages = {1099--1104},
pmid = {21996075},
title = {{Logistic regression: A brief primer}},
volume = {18},
year = {2011}
}


@article{Scherhaufer2017,
journal = {Energy Policy},
keywords = {Acceptance,Austria,Environmental justice,Legitimacy,Wind energy},
author = {Scherhaufer, Patrick and H\"{o}ltinger, Stefan and Salak, Boris and Schauppenlehner, Thomas and Schmidt, Johannes},
number = {May},
pages = {863--870},
publisher = {Elsevier Ltd},
title = {{Patterns of acceptance and non-acceptance within energy landscapes: Acase study on wind energy expansion in Austria}},
url = {http://dx.doi.org/10.1016/j.enpol.2017.05.057},
volume = {109},
year = {2017}
}

@techreport{DBIES2016,
author = {{Department for Business Energy \& Industry}},
title = {{Electricity Generation Costs}},
year = {2016}
}

@book{EuropeanEnvironmentAgency2009,
author = {{European Environment Agency}},
booktitle = {EEA Technical report},
doi = {10.2800/11373},
isbn = {9789292130008},
issn = {17252237},
number = {6},
pages = {No 6/2009},
title = {{Europe's onshore and offshore wind energy potential}},
url = {www.eea.europa.eu},
volume = {6},
year = {2009}
}

@article{Upham2015,
author = {Upham, Paul and Oltra, Christian and Boso, \`{A}lex},
doi = {10.1016/j.erss.2015.05.003},
issn = {22146296},
journal = {Energy Research \& Social Science},
keywords = {public and social acceptance},
pages = {100--112},
publisher = {Elsevier Ltd},
title = {{Towards a cross-paradigmatic framework of the social acceptance of energy systems}},
volume = {8},
year = {2015}
}

@article{DBIES2018,
author = {{Department for Business Energy {\&} Industrial Strategy}},
number = {April},
title = {{Energy and Climate Change Public Attitudes Tracker}},
year = {2018}
}

@article{Cowell2018,
author = {Cowell, Richard and Devine-Wright, Patrick},
doi = {10.1080/1523908X.2018.1443005},
issn = {15227200},
journal = {Journal of Environmental Policy and Planning},
keywords = {Energy,community benefits,democracy,infrastructure,pragmatist sociology,public engagement},
number = {0},
pages = {1--19},
publisher = {Taylor {\&} Francis},
title = {{A ‘delivery-democracy dilemma'? Mapping and explaining policy change for public engagement with energy infrastructure}},
url = {https://doi.org/10.1080/1523908X.2018.1443005},
volume = {0},
year = {2018}
}

@article{SNH2009,
author = {SNH},
mendeley-groups = {Wind GIS Modelling},
number = {December},
title = {{Siting and Designing windfarms in the landscape}},
year = {2009}
}

@article{Bright2006,
author = {Bright, J a and Langston, R H W and Bullman, R and Evans, R J and Gardner, S and Pearce-Higgins, J and Wilson, E},
isbn = {1901930750},
mendeley-groups = {Wind GIS Modelling},
number = {20},
pages = {i--ii, 1--136},
title = {{Bird sensitivity map to provide locational guidance for onshore wind farms in Scotland}},
url = {<Go to ISI>://ZOOREC:ZOOR14403015814},
volume = {20},
year = {2006}
}

@article{Roddis2018,
author = {Roddis, Philippa and Carver, Stephen and Dallimer, Martin and Norman, Paul and Ziv, Guy},
doi = {10.1016/j.apenergy.2018.05.087},
issn = {0306-2619},
journal = {Applied Energy},
keywords = {Community acceptance,Energy justice,Onshore wind,Public acceptance,Renewable energy,Solar farms},
number = {October 2017},
pages = {353--364},
publisher = {Elsevier},
title = {{The role of community acceptance in planning outcomes for onshore wind and solar farms : An energy justice analysis}},
url = {https://doi.org/10.1016/j.apenergy.2018.05.087},
volume = {226},
year = {2018}
}

@inproceedings{Harper2017,
author = {Harper, Michael and Anderson, Ben and James, Patrick and Bahaj, A. S.},
booktitle = {Proceedings of Ecos 2017 - the 30th International Conference on Efficiency, Cost, Optimization, Simulation and Environmental Impact of Energy Systems},
title = {{Identifying key influences for planning acceptance of onshore wind turbines}},
year = {2017}
}

@phdthesis{Harper2018,
author = {Harper, Michael},
school = {University of Southampton},
title = {{Spatial planning scale for regional renewable energy supply in the UK context}},
year = {2018}
}


@article{Cop2017,
author = {Cop, Bonn and Reeves, Rachel and Coaker, Vernon and Hendry, Drew and Maclean, Rachel and Owen, Albert and Sandbach, Antoinette},
title = {{Business , Energy and Industrial Strategy Oral evidence : Clean Growth Strategy / Outcomes of}},
year = {2017}
}


@article{Mentis2017,
author = {Mentis, Dimitris and Siyal, Shahid Hussain and Korkovelos, Alexandros and Howells, Mark},
doi = {10.1016/j.esr.2017.07.002},
issn = {2211467X},
journal = {Energy Strategy Reviews},
pages = {45--49},
publisher = {Elsevier Ltd},
title = {{Estimating the spatially explicit wind generated electricity cost in Africa - A GIS based analysis}},
url = {http://dx.doi.org/10.1016/j.esr.2017.07.002},
volume = {17},
year = {2017}
}

@article{Manomaiphiboon2017,
author = {Manomaiphiboon, Kasemsan and Paton, Carina P. and Prabamroong, Thayukorn and Rajpreeja, Nuttee and Assareh, Nosha and Siriwan, Montana},
doi = {10.1080/15435075.2017.1305963},
issn = {1543-5075},
journal = {International Journal of Green Energy},
number = {6},
pages = {528--539},
publisher = {Taylor {\&} Francis},
title = {{Wind energy potential analysis for Thailand: Uncertainty from wind maps and sensitivity to turbine technology}},
url = {https://www.tandfonline.com/doi/full/10.1080/15435075.2017.1305963},
volume = {14},
year = {2017}
}

@article{Gigovic2017,
author = {Gigovi{\'{c}}, Ljubomir and Pamu{\v{c}}ar, Dragan and Bo{\v{z}}ani{\'{c}}, Darko and Ljubojevi{\'{c}}, Srđan},
doi = {10.1016/j.renene.2016.11.057},
issn = {09601481},
journal = {Renewable Energy},
pages = {501--521},
title = {{Application of the GIS-DANP-MABAC multi-criteria model for selecting the location of wind farms: A case study of Vojvodina, Serbia}},
volume = {103},
year = {2017}
}

@article{Liu2017,
author = {Liu, Changyi and Wang, Yang and Zhu, Rong},
doi = {10.1016/j.resconrec.2016.10.001},
issn = {18790658},
journal = {Resources, Conservation and Recycling},
pages = {33--39},
publisher = {Elsevier B.V.},
title = {{Assessment of the economic potential of China's onshore wind electricity}},
url = {http://dx.doi.org/10.1016/j.resconrec.2016.10.001},
volume = {121},
year = {2017}
}

@article{Kazak2017,
author = {Kazak, Jan and van Hoof, Joost and Szewranski, Szymon},
doi = {10.1016/j.rser.2017.03.039},
issn = {18790690},
journal = {Renewable and Sustainable Energy Reviews},
number = {February},
pages = {425--433},
publisher = {Elsevier Ltd},
title = {{Challenges in the wind turbines location process in Central Europe – The use of spatial decision support systems}},
url = {http://dx.doi.org/10.1016/j.rser.2017.03.039},
volume = {76},
year = {2017}
}

@article{alexander2014energy,
  title={Energy storage against interconnection as a balancing mechanism for a 100\% renewable UK electricity grid},
  author={Alexander, Marcus Joseph and James, Patrick and Richardson, Neil},
  journal={IET Renewable Power Generation},
  volume={9},
  number={2},
  pages={131--141},
  year={2014},
  publisher={IET}
}

@article{ENGELAND2017600,
title = "Space-time variability of climate variables and intermittent renewable electricity production – A review",
journal = "Renewable and Sustainable Energy Reviews",
volume = "79",
pages = "600 - 617",
year = "2017",
issn = "1364-0321",
doi = "https://doi.org/10.1016/j.rser.2017.05.046",
url = "http://www.sciencedirect.com/science/article/pii/S1364032117306822",
author = "Kolbjørn Engeland and Marco Borga and Jean-Dominique Creutin and Baptiste François and Maria-Helena Ramos and Jean-Philippe Vidal",
keywords = "Wind power, Solar power, Hydropower, Intermittency, Climate variability, Residual load, Scale"
}

@article{DECC2016,
author = {DECC},
journal = {Energy Trends},
title = {{Renewable electricity in Scotland, Wales , Northern Ireland and the regions of England in 2016}},
year = {2016}
}


@Manual{R-base,
  title = {R: A Language and Environment for Statistical Computing},
  author = {{R Core Team}},
  organization = {R Foundation for Statistical Computing},
  address = {Vienna, Austria},
  year = {2018},
  url = {https://www.R-project.org/},
}
@Manual{R-knitr,
  title = {knitr: A General-Purpose Package for Dynamic Report Generation in R},
  author = {Yihui Xie},
  year = {2018},
  note = {R package version 1.20},
  url = {https://CRAN.R-project.org/package=knitr},
}
@Manual{R-raster,
  title = {raster: Geographic Data Analysis and Modeling},
  author = {Robert J. Hijmans},
  year = {2018},
  note = {R package version 2.7-15},
  url = {https://CRAN.R-project.org/package=raster},
}
@Manual{R-rmarkdown,
  title = {rmarkdown: Dynamic Documents for R},
  author = {JJ Allaire and Yihui Xie and Jonathan McPherson and Javier Luraschi and Kevin Ushey and Aron Atkins and Hadley Wickham and Joe Cheng and Winston Chang},
  year = {2018},
  note = {R package version 1.10},
  url = {https://CRAN.R-project.org/package=rmarkdown},
}


